<?xml version="1.0" encoding="UTF-8"?>
<collection xmlns:xsi="http://www.w3.org/2001/XMLSchema-instance" xsi:schemaLocation="http://www.loc.gov/MARC21/slim http://www.loc.gov/standards/marcxml/schema/MARC21slim.xsd" xmlns="http://www.loc.gov/MARC21/slim">
<record>
  <leader>01292cam a2200301Ma 4500</leader>
  <controlfield tag="001">3129289</controlfield>
  <controlfield tag="003">NNC</controlfield>
  <controlfield tag="005">20151019143212.0</controlfield>
  <controlfield tag="008">901030s1871    le            001 0 ara d</controlfield>
  <datafield tag="035" ind1=" " ind2=" ">
    <subfield code="a">(OCoLC)ocm48263141</subfield>
  </datafield>
  <datafield tag="035" ind1=" " ind2=" ">
    <subfield code="9">ATW3152CU</subfield>
  </datafield>
  <datafield tag="035" ind1=" " ind2=" ">
    <subfield code="a">(NNC)3129289</subfield>
  </datafield>
  <datafield tag="040" ind1=" " ind2=" ">
    <subfield code="a">HLS</subfield>
    <subfield code="c">HLS</subfield>
    <subfield code="d">ZCU</subfield>
  </datafield>
  <datafield tag="041" ind1="0" ind2=" ">
    <subfield code="a">aralat</subfield>
  </datafield>
  <datafield tag="050" ind1=" " ind2="4">
    <subfield code="a">BX186</subfield>
    <subfield code="b">.D4</subfield>
  </datafield>
  <datafield tag="099" ind1=" " ind2=" ">
    <subfield code="a">893.7992</subfield>
    <subfield code="a">D35</subfield>
  </datafield>
  <datafield tag="100" ind1="1" ind2=" ">
    <subfield code="a">Dibs, Yūsuf ibn Ilyās,</subfield>
    <subfield code="d">1833-1907.</subfield>
  </datafield>
  <datafield tag="245" ind1="1" ind2="0">
    <subfield code="a">Rūḥ al-rudūd fī tafnīd zaʻm al-khūrī Yūsuf Dāwūd /</subfield>
    <subfield code="c">[li-] Yūsuf Ilyās al-Dibs al-Mārūnī al-Lubnānī ; tarjamahu ilá al-Latīnīyah al-Daḥdāḥ al-Marūnī = Summa confutationum contra assertiones sacerdotis Joseph David / actore Josepho Debs ; latine vertit H. Nematallah Dahdah.</subfield>
  </datafield>
  <datafield tag="246" ind1="1" ind2="1">
    <subfield code="a">Summa confutationum contra assertiones sacerdotis Joseph David</subfield>
  </datafield>
  <datafield tag="260" ind1=" " ind2=" ">
    <subfield code="a">Bayrūt :</subfield>
    <subfield code="b">al-Maṭbaʻah al-ʻUmūmīyah,</subfield>
    <subfield code="c">1871.</subfield>
  </datafield>
  <datafield tag="300" ind1=" " ind2=" ">
    <subfield code="a">352 p. ;</subfield>
    <subfield code="c">21 cm.</subfield>
  </datafield>
  <datafield tag="500" ind1=" " ind2=" ">
    <subfield code="a">Includes index.</subfield>
  </datafield>
  <datafield tag="546" ind1=" " ind2=" ">
    <subfield code="a">Text in Arabic and Latin.</subfield>
  </datafield>
  <datafield tag="610" ind1="2" ind2="0">
    <subfield code="a">Catholic Church</subfield>
    <subfield code="x">Maronite rite</subfield>
    <subfield code="v">Controversial literature.</subfield>
  </datafield>
  <datafield tag="650" ind1=" " ind2="0">
    <subfield code="a">Maronites.</subfield>
  </datafield>
  <datafield tag="700" ind1="1" ind2="2">
    <subfield code="a">Dibs, Yūsuf ibn Ilyās,</subfield>
    <subfield code="d">1833-1907.</subfield>
    <subfield code="t">Summa confutationum contra assertiones sacerdotis Joseph David.</subfield>
  </datafield>
  <datafield tag="700" ind1="1" ind2=" ">
    <subfield code="a">Dāwūd, Yūsuf,</subfield>
    <subfield code="d">1829-1890.</subfield>
  </datafield>
  <datafield tag="955" ind1=" " ind2=" ">
    <subfield code="b">CU58939237</subfield>
    <subfield code="d">off,glx</subfield>
    <subfield code="e">893.7992 D35</subfield>
  </datafield>
</record>
</collection>